<record><leader>00000cas a2200000 a 4500</leader><controlfield tag="001">35073595</controlfield><controlfield tag="008">960712c19959999tnuwr n       0    0eng d</controlfield><datafield ind1=" " ind2=" " tag="010"><subfield code="a">sn 97065554 </subfield></datafield><datafield ind1=" " ind2=" " tag="040"><subfield code="a">THM</subfield><subfield code="b">eng</subfield><subfield code="c">THM</subfield><subfield code="d">TGN</subfield><subfield code="d">OCL</subfield><subfield code="d">OCLCQ</subfield><subfield code="d">OCLCF</subfield><subfield code="d">OCLCO</subfield></datafield><datafield ind1="1" ind2=" " tag="029"><subfield code="a">AU@</subfield><subfield code="b">000013654469</subfield></datafield><datafield ind1=" " ind2=" " tag="037"><subfield code="b">Warmath Communications, 2606 East End Dr., Humboldt, TN 38343</subfield></datafield><datafield ind1=" " ind2=" " tag="042"><subfield code="a">msc</subfield></datafield><datafield ind1=" " ind2=" " tag="043"><subfield code="a">n-us-tn</subfield></datafield><datafield ind1="0" ind2=" " tag="130"><subfield code="a">Chronicle (Humboldt, Tenn.)</subfield></datafield><datafield ind1="1" ind2="4" tag="245"><subfield code="a">The chronicle.</subfield></datafield><datafield ind1=" " ind2=" " tag="260"><subfield code="a">Humboldt, Tenn. :</subfield><subfield code="b">Warmath Communications,</subfield><subfield code="c">1995-</subfield></datafield><datafield ind1=" " ind2=" " tag="300"><subfield code="a">v.</subfield></datafield><datafield ind1=" " ind2=" " tag="310"><subfield code="a">Weekly</subfield></datafield><datafield ind1="0" ind2=" " tag="362"><subfield code="a">Vol. 109, no. 5 (Feb. 1, 1995)-</subfield></datafield><datafield ind1=" " ind2="0" tag="651"><subfield code="a">Humboldt (Tenn.)</subfield><subfield code="v">Newspapers.</subfield></datafield><datafield ind1=" " ind2="0" tag="651"><subfield code="a">Gibson County (Tenn.)</subfield><subfield code="v">Newspapers.</subfield></datafield><datafield ind1=" " ind2="7" tag="655"><subfield code="a">Newspapers.</subfield><subfield code="2">fast</subfield><subfield code="0">(OCoLC)fst01423814</subfield></datafield><datafield ind1=" " ind2="7" tag="651"><subfield code="a">Tennessee</subfield><subfield code="z">Gibson County.</subfield><subfield code="2">fast</subfield><subfield code="0">(OCoLC)fst01219780</subfield></datafield><datafield ind1=" " ind2="7" tag="651"><subfield code="a">Tennessee</subfield><subfield code="z">Humboldt.</subfield><subfield code="2">fast</subfield><subfield code="0">(OCoLC)fst01224058</subfield></datafield><datafield ind1=" " ind2=" " tag="752"><subfield code="a">United States</subfield><subfield code="b">Tennessee</subfield><subfield code="c">Gibson</subfield><subfield code="d">Humboldt.</subfield></datafield><datafield ind1="0" ind2="0" tag="780"><subfield code="t">Courier chronicle (Humboldt, Tenn. : 1972)</subfield><subfield code="w">(DLC)sn 97065553</subfield></datafield></record>